<record><leader>00000cas a22000007a 4500</leader><controlfield tag="001">10363652</controlfield><controlfield tag="008">840201d18981946moucr ne      0    0eng  </controlfield><datafield ind1=" " ind2=" " tag="010"><subfield code="a">sn 84020120 </subfield></datafield><datafield ind1=" " ind2=" " tag="040"><subfield code="a">DLC</subfield><subfield code="b">eng</subfield><subfield code="c">DLC</subfield><subfield code="d">MQN</subfield><subfield code="d">OCLCQ</subfield></datafield><datafield ind1=" " ind2=" " tag="042"><subfield code="a">msc</subfield></datafield><datafield ind1="0" ind2="0" tag="050"><subfield code="a">Newspaper 7002</subfield></datafield><datafield ind1="0" ind2="0" tag="245"><subfield code="a">Richmond Missourian.</subfield></datafield><datafield ind1="3" ind2="0" tag="246"><subfield code="a">Richmond democrat</subfield></datafield><datafield ind1=" " ind2=" " tag="260"><subfield code="a">Richmond, Ray County, Mo. :</subfield><subfield code="b">Mayes &amp; Stewart</subfield></datafield><datafield ind1=" " ind2=" " tag="300"><subfield code="a">v. :</subfield><subfield code="b">ill. ;</subfield><subfield code="c">60 cm.</subfield></datafield><datafield ind1=" " ind2=" " tag="310"><subfield code="a">Semiweekly,</subfield><subfield code="b">Mar. 4, 1935-&lt;Apr. 26, 1946&gt;</subfield></datafield><datafield ind1=" " ind2=" " tag="321"><subfield code="a">Weekly,</subfield><subfield code="b">&lt;July 25, 1901&gt;-Feb. 28, 1935</subfield></datafield><datafield ind1="1" ind2=" " tag="362"><subfield code="a">Began in Sept. 1898.</subfield><subfield code="z">Cf. Gregory, W. Amer. newspapers.</subfield></datafield><datafield ind1="1" ind2=" " tag="362"><subfield code="a">Ceased in Apr. 1946.</subfield><subfield code="z">Cf. Taft, W.H. Mo. newspapers: when and where, 1964.</subfield></datafield><datafield ind1=" " ind2=" " tag="580"><subfield code="a">Absorbed: Richmond democrat (Richmond, Mo.), in 1907; unsuccessful attempt was made Mar. 4-18, 1935 to resurrect the title as companion weekly; when this failed, title began pub. semiweekly.</subfield></datafield><datafield ind1=" " ind2=" " tag="588"><subfield code="a">Description based on: Vol. 3, no. 46 (July 25, 1901).</subfield></datafield><datafield ind1=" " ind2=" " tag="752"><subfield code="a">United States</subfield><subfield code="b">Missouri</subfield><subfield code="c">Ray</subfield><subfield code="d">Richmond.</subfield></datafield><datafield ind1="0" ind2="5" tag="780"><subfield code="t">Ray County republican</subfield><subfield code="w">(DLC)sn 89067664</subfield></datafield><datafield ind1="0" ind2="5" tag="780"><subfield code="t">Daily evening news (Richmond, Mo.)</subfield></datafield><datafield ind1="1" ind2="5" tag="780"><subfield code="t">Richmond democrat (Richmond, Mo.)</subfield><subfield code="w">(DLC)sn 86063662</subfield></datafield><datafield ind1="0" ind2="5" tag="780"><subfield code="t">Orrick times</subfield><subfield code="w">(DLC)sn 90061131</subfield></datafield><datafield ind1="0" ind2="4" tag="785"><subfield code="t">Richmond news (Richmond, Mo.)</subfield><subfield code="w">(DLC)sn 89067671</subfield></datafield><datafield ind1="1" ind2=" " tag="029"><subfield code="a">AU@</subfield><subfield code="b">000025804906</subfield></datafield></record>